@book{axiezer:book:1981:01,
   author       = "Ахиезер, А.~И. and Берестецкий, В.~Б.",
   title        = "Квантовая электродинамика",
   address      = "М.",
   publisher    = "Наука",
   year         = "1981",
   edition      = "4-е",
   editor       = "Л.~П.~Русаковой",
   numpages     = "428",
   language     = "russian"
}

@book{gelfand:books:01:06:iss,
   author       = "Гельфанд, И.~М. and Шилов, Г.~Е.",
   title        = "Обобщённые функции",
   address      = "М.",
   publisher    = "Физматгиз",
   date         = "1958/1966",
   numbers      = "6",
   related      = {gelfand:books:01:vol:01, gelfand:books:01:vol:02, gelfand:books:01:vol:03, gelfand:books:01:vol:04, gelfand:books:01:vol:05, gelfand:books:01:vol:06},
   relatedtype  = {multivolume},
   language     = "russian"
}

@book{gelfand:books:01:iss:01,
   author       = "Гельфанд, И.~М. and Шилов, Г.~Е.",
   title        = "Обобщённые функции и действия над ними",
   series       = "Обобщённые функции",
   address      = "М.",
   publisher    = "Физматгиз",
   year         = "1959",
   number       = "1-й",
   edition      = "2-е",
   numpages     = "471",
   language     = "russian"
}

@book{gelfand:books:01:iss:02,
   author       = "Гельфанд, И.~М. and Шилов, Г.~Е.",
   title        = "Пространства основных и обобщённых функций",
   series       = "Обобщённые функции",
   address      = "М.",
   publisher    = "Физматгиз",
   year         = "1958",
   number       = "2-й",
   numpages     = "308",
   language     = "russian"
}

@book{gelfand:books:01:iss:03,
   author       = "Гельфанд, И.~М. and Шилов, Г.~Е.",
   title        = "Некоторые вопросы теории дифференциальных уравнений",
   series       = "Обобщённые функции",
   address      = "М.",
   publisher    = "Физматгиз",
   year         = "1958",
   number       = "3-й",
   numpages     = "275",
   language     = "russian"
}

@book{gelfand:books:01:iss:04,
   author       = "Гельфанд, И.~М. and Виленкин, Н.~Я.",
   title        = "Некоторые вопросы применения гармонического анализа {$\bullet$} Оснащённые Гильбертовы пространства",
   series       = "Обобщённые функции",
   address      = "М.",
   publisher    = "Физматгиз",
   year         = "1961",
   number       = "4-й",
   numpages     = "472",
   language     = "russian"
}

@book{gelfand:books:01:iss:05,
   author       = "Гельфанд, И.~М. and Граев, М.~И. and Виленкин, Н.~Я.",
   title        = "Интегральная геометрия и связанные с ней вопросы теории представлений",
   series       = "Обобщённые функции",
   address      = "М.",
   publisher    = "Физматгиз",
   year         = "1962",
   number       = "5-й",
   numpages     = "656",
   language     = "russian"
}

@book{gelfand:books:01:iss:06,
   author       = "Гельфанд, И.~М. and Граев, М.~И. and Пятецкий~-Шапиро, И.~И.",
   title        = "Теория представлений и автоморфные функции",
   series       = "Обобщённые функции",
   address      = "М.",
   publisher    = "Физматгиз",
   year         = "1966",
   number       = "6-й",
   numpages     = "512",
   language     = "russian"
}

@set{col:gelfand:01,
   entryset={gelfand:books:01:06:iss, gelfand:books:01:iss:01, gelfand:books:01:iss:02, gelfand:books:01:iss:03, gelfand:books:01:iss:04, gelfand:books:01:iss:05, gelfand:books:01:iss:06}
}

@book{gelfand:book:1972:09,
   author       = "Гельфанд, И.~М. and Минлос, Р.~А. and Шапиро, З.~Я.",
   title        = "Представление группы вращений и группы Лоренца, их применения",
   address      = "М.",
   publisher    = "Физматгиз",
   year         = "1972",
   numpages     = "368",
   language     = "russian"
}

@book{knut:book:1993:01,
   author       = "Кнут, Д.~Е.",
   title        = "Все про \TeX",
   address      = "Протвино",
   publisher    = "RDTeX",
   year         = "1993",
   numpages     = "592",
   language     = "russian"
}

@book{knut:book:1984:01,
   author       = "Knuth, D.~E.",
   title        = "The \TeX book",
   address      = "Reading, Massachusetts",
   publisher    = "Addison-Wesley Publishing
Company",
   year         = "1984",
   numpages     = "483",
   language     = "english"
}

@book{nasyrov:book:2019:01,
   author       = "Насыров, В.~В.",
   title        = "Пакеты прикладных программ для физиков: \LaTeX\ : учебное пособие",
   address      = "Хабаровск",
   publisher    = "Изд-во Тихоокеан. гос. ун-та",
   year         = "2019",
   numpages     = "84",
   language     = "russian"
}

@book{shnejvajs:book:2016:01,
   author       = "Шнейвайс, А.~Б.",
   title        = "Азы {\scshape GNUPLOT}а",
   address      = "СПб.",
   publisher    = "Изд-во СПбГУ",
   year         = "2016",
   numpages     = "58",
   language     = "russian"
}

@techreport{mkrtumyan:tech:2010:01,
   author       = "Мкртумян, А.~А. and Щерс, А.~Л. and Сироткин, А.~Н. and Райков, Л.~Д. and Лобова, А.~В. and межведомственная Рабочая группа по разработке стандартов ЕСПД",
   title        = "ГОСТ 19.701–90 (ИСО 5807–85) <<Единая система программной документации>> : Сб. ГОСТов.",
   institution  = "Стандартинформ",
   address      = "М.",
   number       = "МКС 01.080.50",
   year         = "2010",
   month        = "янв",
   language     = "russian"
}



%%% Local Variables:
%%% mode: bibtex
%%% coding: cp1251-unix
%%% End:
